@misc{molecular_musings_internal_references,
    author = {Stefan Reinalter},
    howpublished = {\url{https://blog.molecular-matters.com/2013/05/17/adventures-in-data-oriented-design-part-3b-internal-references/}},
    note = {retrieved: 13.02.2017},       
    title = {Adventures in data-oriented design – Part 3b: Internal References}
}

@misc{wikipedia_fork_and_join,
    howpublished = {\url{https://en.wikipedia.org/wiki/Fork%E2%80%93join_model}},
    note = {retrieved: 15.02.2017},       
    title = {Fork–join model}
}
