@misc{postmortem_thief,
    author = {Tom Leonard},
    title = {Postmortem: Thief: The Dark Project},
    howpublished = {\url{http://www.gamasutra.com/view/feature/3355/postmortem_thief_the_dark_project.php}},
    retreived = {24.01.17},   
}