@book{game_programming_patterns,
    author = {Robert Nystrom},
    title = {Game Programming Patterns},
    publisher = {Genever Benning},
    year = {2014},
}

@misc{wikipedia_virtual_method_table,
    howpublished = {\url{https://en.wikipedia.org/wiki/Virtual_method_table}},
    note = {retrieved: 12.04.2017},
}

@misc{stack_overflow_why_does_cpp_compilation_take_so_long,
    howpublished = {\url{http://stackoverflow.com/questions/318398/why-does-c-compilation-take-so-long}},
    note = {retrieved: 12.04.2017},
}

@misc{dr_dobbs_cpp_compilation_speed,
    howpublished = {\url{http://www.drdobbs.com/cpp/c-compilation-speed/228701711}},
    note = {retrieved: 12.04.2017},
}

@misc{codersource_virtual_functions,
    howpublished = {\url{http://wayback.archive.org/web/20100209040010/http://www.codersource.net/published/view/325/virtual_functions_in.aspx}},
    note = {retrieved: 12.04.2017},
}

@misc{lazarenko_devirtualization,
    howpublished = {\url{http://lazarenko.me/devirtualization/}},
    note = {retrieved: 12.04.2017},
}

@misc{scott_meyers_cpu_caches_and_why_you_care,
    howpublished = {\url{https://www.youtube.com/watch?v=WDIkqP4JbkE}},
    note = {retrieved: 12.04.2017},
}

@misc{phreshing_weak_vs_strong_memory_models,
    howpublished = {\url{http://preshing.com/20120930/weak-vs-strong-memory-models/}},
    note = {retrieved: 12.04.2017},
}

@misc{andrei_alexandrescu_quick_code_quickly,
    howpublished = {\url{https://www.youtube.com/watch?v=MvFj8qo1iuA}},
    note = {retrieved: 12.04.2017},
}

@misc{android_activity_lifecycle,
    howpublished = {\url{https://developer.android.com/guide/components/activities/activity-lifecycle.html}},
    note = {retrieved: 14.04.2017},
}
